% This file was created with JabRef 2.6.
% Encoding: SJIS

@ARTICLE{Tanaka11JRM,
  author = {Yumeko Imamura and Takayuki Tanaka and Yoshihito Suzuki and Kazuki
	Takizawa and Masanori Yamanaka},
  title = {Motion-Based-Design of Elastic Material for Passive Assistive Device
	Using Musculoskeletal Model},
  journal = {Journal of Robotics and Mechatronics},
  year = {2011},
  volume = {23},
  number = {6},
  pages = {978-990},
  owner = {Yoshida},
  timestamp = {2012.07.12}
}

@INCOLLECTION{HAL11STAR,
  author = {Yoshiyuki Sankai},
  title = {HAL: Hybrid Assistive Limb Based on Cybernics},
  booktitle = {Robotics Research, Springer Tracts in Advanced Robotics},
  publisher = {Springer},
  year = {2011},
  editor = {Makoto Kaneko and Yoshihiko Nakamura},
  pages = {25-34},
  owner = {Yoshida},
  timestamp = {2013.03.05}
}

@MISC{Toyota11PartnerWeb,
  howpublished = {\url{http://www2.toyota.co.jp/jp/news/11/11/nt11\_040.html}},
  year = {2011},
  owner = {Yoshida},
  timestamp = {2012.07.12}
}

@ARTICLE{Panasonic10TechReport,
  author = {Yohei Kume and Hideo Kawakami},
  title = {Control Technology of {R}obotic{B}ed$^{\mbox{\tiny \textregistered}}$
	for Supporting Independent Life},
  journal = {Panasonic Tech. Report},
  year = {2010},
  volume = {56},
  number = {3},
  pages = {32-34},
  institution = {Panasonic},
  owner = {Yoshida},
  timestamp = {2012.07.12}
}

@INPROCEEDINGS{KobayashiMuscleSuit07IROS,
  author = {H. Kobayashi and H. Nozaki},
  title = {Development of Muscle Suit for Supporting Manual Worker},
  booktitle = {Proc. 2007 IEEE/RSJ Int. Conf. on Intelligent Robots and Systems},
  year = {2007},
  pages = {1769-1774},
  owner = {Yoshida},
  timestamp = {2012.09.15}
}

@INPROCEEDINGS{KobayashiMustleSuit04ROMAN,
  author = {H. Kobayashi and Y. Ishida and H. Suzuki},
  title = {Realization of All Motion for the Upper Limb by a Muscle Suit},
  booktitle = {Proc. 2004 IEEE Int. Workshop on
	
	Robot and Human Interactive Communication},
  year = {2004},
  pages = {631-636},
  owner = {Yoshida},
  timestamp = {2012.09.15}
}

@INPROCEEDINGS{HAL03SMC,
  author = {Kawamoto, H. and Suwoong Lee and Kanbe, S. and Sankai, Y.},
  title = {Power Assist Method for {HAL}-3 using {EMG}-based Feedback Controller},
  booktitle = {Proc. 2003 IEEE Int. Conf. on Systems, Man and Cybernetics},
  year = {2003},
  pages = {1648-1653},
  owner = {Yoshida},
  timestamp = {2012.07.12}
}

@comment{jabref-meta: selector_publisher:}

@comment{jabref-meta: selector_author:}

@comment{jabref-meta: selector_journal:}

@comment{jabref-meta: selector_keywords:}

