% This file was created with JabRef 2.6.
% Encoding: UTF8

@ARTICLE{Gleicher01,
  author = {M. Gleicher},
  title = {Comparing Constraint-Based Motion Editing Method},
  journal = {Graphical Models},
  year = {2001},
  volume = {63},
  pages = {107--134}
}

@ARTICLE{Yamane03,
  author = {K.~Yamane and Y.~Nakamura},
  title = {Natural Motion Animation through Constraining and Deconstraining
	at Will},
  journal = {IEEE Trans. on Visualization and Computer Graphics},
  year = {2003},
  volume = {3},
  number = {9},
  pages = {352-360}
}

@ARTICLE{Esteves06ACM,
  author = {C. Esteves and G. Arechavaleta and J. Pettr{\'e} and J.-P. Laumond
	},
  title = {Animation Planning for Virtual Characters Cooperation},
  journal = {ACM Trans. on Graphics},
  year = {2006},
  volume = {25},
  number = {2},
  pages = {319-339}
}

@ARTICLE{Komura10,
  author = {Edmond S.L. Ho and Taku Komura and Chiew-Lan Tai},
  title = {Spatial Relationship Preserving Character Motion Adaptation},
  journal = {ACM Trans. on Graphics},
  year = {2010},
  volume = {29},
  number = {4},
  pages = {33:2-8},
  owner = {Yoshida},
  timestamp = {2013.06.17}
}

@INPROCEEDINGS{Gleicher98,
  author = {Michael Gleicher},
  title = {Retargetting Motion to New Characters},
  booktitle = {Proc. GGRAPH '98},
  year = {1998},
  pages = {33-42},
  owner = {Yoshida},
  timestamp = {2013.06.17}
}

@INPROCEEDINGS{Si2005,
  author = {Hang Si and Klaus G\"artner},
  title = {Meshing Piecewise Linear Complexes by Constrained Delaunay Tetrahedralizations},
  booktitle = {Proc. 14th International Meshing Roundtable},
  year = {2005},
  pages = {147â€“-163},
  owner = {Yoshida},
  timestamp = {2013.06.25}
}

@MISC{CMUMotionDB,
  title = {Carnegie Mellon University Motion Capture Database},
  howpublished = {http://mocap.cs.cmu.edu/},
  owner = {Yoshida},
  timestamp = {2013.07.19}
}

@MISC{NAG,
  title = {Numerical Algorithms Group},
  howpublished = {http://www.nag.co.uk/},
  owner = {Yoshida},
  timestamp = {2013.07.19}
}

