% This file was created with JabRef 2.7.2.
% Encoding: ISO8859_1

@INPROCEEDINGS{Miura12ICRA,
  author = {Kanako Miura and Fumio Kanehiro and Kenji Kaneko and Shuuji Kajita
	and Kazuhito Yokoi},
  title = {Quick slip-turn of HRP-4C on its toes},
  booktitle = {Proc. of 2012 IEEE Int. Conf. on Robotics and Automation},
  year = {2012},
  pages = {3527-2528},
  owner = {Yoshida},
  timestamp = {2012.10.24}
}

@INPROCEEDINGS{Nakaoka12Humanoids,
  author = {Shin'ichiro Nakaoka and Taku Komura},
  title = {Interaction Mesh Based Motion Adaptation for Biped Humanoid Robots},
  booktitle = {Proc. 2012 IEEE-RAS Int. Conf. on Humanoid Robots},
  year = {2012},
  pages = {625-631},
  owner = {Yoshida},
  timestamp = {2013.06.17}
}

@INPROCEEDINGS{Todorov2012IROS-contact,
  author = {Tom Erez and Emanuel Todorov},
  title = {Trajectory optimization for domains with contacts using inverse dynamics},
  booktitle = {Proc. 2012 IEEE/RSJ Int. Conf. on Intelligent Robots and Systems},
  year = {2012},
  pages = {4914-4919},
  owner = {Yoshida},
  timestamp = {2013.06.26}
}

@INPROCEEDINGS{Todorov2012IROS-online,
  author = {Yuval Tassa and Tom Erez and Emanuel Todorov},
  title = {Synthesis and Stabilization of Complex Behaviors through Online Trajectory
	Optimization},
  booktitle = {Proc. 2012 IEEE/RSJ Int. Conf. on Intelligent Robots and Systems},
  year = {2012},
  pages = {4906-4913},
  owner = {Yoshida},
  timestamp = {2013.06.26}
}

@INPROCEEDINGS{Hubo11AIM,
  author = {Jun-Ho~Oh and Jung-Woo~Heo},
  title = {Upper Body Motion Interpolation for Humanoid Robots},
  booktitle = {Proc. 2011 IEEE/ASME Int. Conf. on Advanced Intelligent Mechatronics},
  year = {2011},
  pages = {1064-1069},
  owner = {Yoshida},
  timestamp = {2012.12.26}
}

@INPROCEEDINGS{Miura11IROS,
  author = {Kanako Miura and Mitsuharu Morisawa and Fumio Kanehiro and Shuuji
	Kajita and Kenji Kaneko and Kazuhito Yokoi},
  title = {Human-like Walking with Toe Supporting for Humanoids},
  booktitle = {Proc. 2011 IEEE/RSJ Int. Conf. on Intelligent Robots and Systems},
  year = {2011},
  pages = {4428-4435},
  owner = {Yoshida},
  timestamp = {2011.10.14}
}

@INPROCEEDINGS{Ramos11humanoids,
  author = {Oscar~E. Ramos and Layale Saab and Sovannara Hak and Nicolas Mansard},
  title = {Dynamic Motion Capture and Edition using a Stack of Tasks},
  booktitle = {Proc. 2011 IEEE-RAS Int. Conf. on Humanoid Robots},
  year = {2011},
  pages = {224-230},
  owner = {Yoshida},
  timestamp = {2013.06.19}
}

@INPROCEEDINGS{Saab2011ICRA,
  author = {L. Saab and N. Mansard and F. Keith and J-Y. Fourquet and P. Soueres},
  title = {Generation of Dynamic Motion for Anthropomorphic Systems under Prioritized
	Equality and Inequality Constraints},
  booktitle = {Proc. of 2011 IEEE Int. Conf. on Robotics and Automation},
  year = {2011},
  pages = {1091-1096},
  owner = {Yoshida},
  timestamp = {2012.12.24}
}

@INPROCEEDINGS{Yamane11humanoids,
  author = {Katsu Yamane and Stuart~O. Anderson and Jessica~K. Hodgins},
  title = {Controlling Humanoid Robots with Human Motion Data: Experimental
	Validation},
  booktitle = {Proc. 2011 IEEE-RAS Int. Conf. on Humanoid Robots},
  year = {2011},
  pages = {504-510},
  owner = {Yoshida},
  timestamp = {2013.06.19}
}

@INCOLLECTION{Chestnutt10Springer,
  author = {Joel Chestnutt},
  title = {Navigation and Gait Planning},
  booktitle = {Motion Planning for Humanoid Robots},
  publisher = {Springer},
  year = {2010},
  editor = {Kensuke Harada and Eiichi Yoshida and Kazuhito Yokoi},
  pages = {1-28},
  owner = {Yoshida},
  timestamp = {2010.10.14}
}

@INCOLLECTION{Gienger10Springer,
  author = {Michael Gienger and Marc Toussaint and Christian Goerick},
  title = {Whole-body Motion Planning -- Building Blocks for Intelligent Systems},
  booktitle = {Motion Planning for Humanoid Robots},
  publisher = {Springer},
  year = {2010},
  editor = {Kensuke Harada and Eiichi Yoshida and Kazuhito Yokoi},
  pages = {67-98},
  owner = {Yoshida},
  timestamp = {2010.10.14}
}

@INCOLLECTION{Harada10Springer,
  author = {Kensuke Harada},
  title = {Motion Planning for a Humanoid Robot Based on a Biped Walking Pattern
	Generator},
  booktitle = {Motion Planning for Humanoid Robots},
  publisher = {Springer},
  year = {2010},
  editor = {Kensuke Harada and Eiichi Yoshida and Kazuhito Yokoi},
  pages = {181-204},
  owner = {Yoshida},
  timestamp = {2010.10.15}
}

@INCOLLECTION{Hauser10Springer,
  author = {Kris Hauser and Victor Ng-Thow-Hing},
  title = {Multi-modal Motion Planning for Precision Pushing on a Humanoid Robot},
  booktitle = {Motion Planning for Humanoid Robots},
  publisher = {Springer},
  year = {2010},
  editor = {Kensuke Harada and Eiichi Yoshida and Kazuhito Yokoi},
  pages = {251-276},
  owner = {Yoshida},
  timestamp = {2010.10.15}
}

@INCOLLECTION{Kallmann10Springer,
  author = {Marcelo Kallmann and Xiaoxi Jiang},
  title = {A Motion Planning Framework for Skill Coordination and Learning},
  booktitle = {Motion Planning for Humanoid Robots},
  publisher = {Springer},
  year = {2010},
  editor = {Kensuke Harada and Eiichi Yoshida and Kazuhito Yokoi},
  pages = {277-306},
  owner = {Yoshida},
  timestamp = {2010.10.15}
}

@INPROCEEDINGS{nakaoka_iros2010,
  author = {Shin'ichiro Nakaoka and Suuji Kajita and Kazuhito Yokoi},
  title = {{Intuitive and Flexible User Interface for Creating Whole Body Motions
	of Biped Humanoid Robots}},
  booktitle = {Proc. on IEEE Int. Conf. on Intelligent Robots and Systems},
  year = {2010},
  pages = {1675-1682},
  owner = {Yoshida},
  timestamp = {2013.06.17}
}

@INPROCEEDINGS{Ott10Humanoids,
  author = {Christian Ott and Christoph Baumgärtner and Johannes Mayr and Matthias
	Fuchs and Robert Burger and Dongheui Lee and Oliver Eiberger and
	Alin Albu-Schäffer and Markus Grebenstein and Gerd Hirzinger},
  title = {Development of a Biped Robot with Torque Controlled Joints},
  booktitle = {Proc. 2010 IEEE-RAS Int. Conf. on Humanoid Robots},
  year = {2010},
  pages = {167-173},
  owner = {Yoshida},
  timestamp = {2012.12.26}
}

@INCOLLECTION{Sentis10Springer,
  author = {Luis Sentis},
  title = {Compliant Control of Whole-body Multi-contact Behaviors in Humanoid
	Robots},
  booktitle = {Motion Planning for Humanoid Robots},
  publisher = {Springer},
  year = {2010},
  editor = {Kensuke Harada and Eiichi Yoshida and Kazuhito Yokoi},
  pages = {29-66},
  owner = {Yoshida},
  timestamp = {2010.10.14}
}

@INCOLLECTION{Stilman10Springer,
  author = {Mike Stilman},
  title = {Autonomous Manipulation of Movable Obstacles},
  booktitle = {Motion Planning for Humanoid Robots},
  publisher = {Springer},
  year = {2010},
  editor = {Kensuke Harada and Eiichi Yoshida and Kazuhito Yokoi},
  pages = {205-250},
  owner = {Yoshida},
  timestamp = {2010.10.15}
}

@INPROCEEDINGS{Vahrenkamp10Humanoids,
  author = {Nikolaus Vahrenkamp and Enrico Kuhn and Tamim Asfour and Rüdiger
	Dillmann},
  title = {Planning Multi-Robot Grasping Motions},
  booktitle = {Proc. 2010 IEEE-RAS Int. Conf. on Humanoid Robots},
  year = {2010},
  pages = {593-600},
  owner = {Yoshida},
  timestamp = {2012.12.25}
}

@INCOLLECTION{Vahrenkamp10Springer,
  author = {Nikolaus Vahrenkamp and Tamim Asfour and Rüdiger Dillmann},
  title = {Efficient Motion and Grasp Planning for Humanoid Robots},
  booktitle = {Motion Planning for Humanoid Robots},
  publisher = {Springer},
  year = {2010},
  editor = {Kensuke Harada and Eiichi Yoshida and Kazuhito Yokoi},
  pages = {129-160},
  owner = {Yoshida},
  timestamp = {2010.10.14}
}

@INPROCEEDINGS{Yamane10Humanoids,
  author = {Katsu Yamane and Stuart~O. Anderson and Jessica~K. Hodgins},
  title = {Controlling Humanoid Robots with Human Motion Data: Experimental
	Validation},
  booktitle = {Proc. 2010 IEEE-RAS Int. Conf. on Humanoid Robots},
  year = {2010},
  pages = {504-510},
  owner = {Yoshida},
  timestamp = {2012.12.26}
}

@INPROCEEDINGS{Dalibard09Humanoids,
  author = {Dalibard, S. and Nakhaei, A. and Lamiraux, F. and Laumond, J.-P.;},
  title = {Whole-body task planning for a humanoid robot: a way to integrate
	collision avoidance},
  booktitle = {Proc. 2009 IEEE-RAS Int. Conf. on Humanoid Robots},
  year = {2009},
  pages = {355 --360},
  owner = {Yoshida},
  timestamp = {2010.10.15}
}

@INPROCEEDINGS{Kaneko09Humanoids,
  author = {Kenji Kaneko and Fumio Kanehiro and Mitsuharu Morisawa and Kanako
	Miura and Shinichiro Nakaoka and Kazuhito Yokoi},
  title = {Cybernetic Human {HRP-4C}},
  booktitle = {Proc. 2009 IEEE-RAS Int. Conf. on Humanoid Robots},
  year = {2009},
  pages = {7-14},
  owner = {Yoshida},
  timestamp = {2012.07.12}
}

@INPROCEEDINGS{Konno09Humanoids,
  author = {Ayaz, Y. and Owa, T. and Tsujita, T. and Konno, A. and Munawar, K.
	and Uchiyama, M.},
  title = {Footstep planning for humanoid robots among obstacles of various
	types},
  booktitle = {Proc. 2009 IEEE-RAS Int. Conf. on Humanoid Robots},
  year = {2009},
  pages = {361--366},
  owner = {Yoshida},
  timestamp = {2010.10.15}
}

@INPROCEEDINGS{miura_humanoids2009,
  author = {Kanako Miura and Mitsuharu Morisawa and Shin'ichiro Nakaoka and Kensuke
	Harada and Kenji Kaneko and Shuuji Kajita},
  title = {{Robot Motion Remix based on Motion Capture Data - Towards Human-like
	Locomotion of Humanoid Robots -}},
  booktitle = {Proc. 2009 IEEE-RAS Int. Conf. on Humanoid Robots},
  year = {2009},
  pages = {596--603}
}

@INPROCEEDINGS{Nishiwaki09Humanoids,
  author = {Koichi Nishiwaki and Satoshi Kagami},
  title = {Frequent walking pattern generation that uses estimated actual posture
	for robust walking control},
  booktitle = {Proc. 2009 IEEE-RAS Int. Conf. on Humanoid Robots},
  year = {2009},
  pages = {535--541},
  owner = {Yoshida},
  timestamp = {2010.10.15}
}

@INPROCEEDINGS{Vahrenkamp09IROS,
  author = {Nikolaus Vahrenkamp and Dmitry Berenson and Tamim Asfour and James
	Kuffner and Rüdiger Dillmann},
  title = {Humanoid Motion Planning for Dual-Arm Manipulation and Re-Grasping
	Tasks},
  booktitle = {Proc. 2009 IEEE/RSJ Int. Conf. on Intelligent Robots and Systems},
  year = {2009},
  pages = {2464-2470},
  owner = {Yoshida},
  timestamp = {2012.12.25}
}

@INPROCEEDINGS{Zhang09Humanoids,
  author = {Liangjun Zhang and Jia Pan and Dinesh Manocha},
  title = {Motion planning of human-like robots using constrained coordination},
  booktitle = {Proc. 2009 IEEE-RAS Int. Conf. on Humanoid Robots},
  year = {2009},
  pages = {188 --195},
  owner = {Yoshida},
  timestamp = {2010.10.15}
}

@INPROCEEDINGS{Arisumi08iros,
  author = {H.~Arisumi and S.~Miossec and J.-R. Chardonnet and K.~Yokoi},
  title = {Dynamic lifting by whole body motion of humanoid robots},
  booktitle = {Proc. 2008 IEEE/RSJ Int. Conf. on Intelligent Robots and Systems},
  year = {2008},
  pages = {668 - 675}
}

@INPROCEEDINGS{Dariush08ICRA,
  author = {Behzad Dariush and Michael Gienger and Bing Jian and Christian Goerick
	and Kikuo Fujimura},
  title = {Whole Body Humanoid Control From Human Motion Descriptors},
  booktitle = {Proc. of 2008 IEEE Int. Conf. on Robotics and Automation},
  year = {2008},
  pages = {2677-2684},
  owner = {Yoshida},
  timestamp = {2011.10.14}
}

@INPROCEEDINGS{Dariush08IROS,
  author = {Behzad Dariush and Michael Gienger and Arjun Arumbakkam and Christian
	Goerick and Youding Zhu and Kikuo Fujimura},
  title = {Online and markerless motion retargeting with kinematic constraints},
  booktitle = {Proc. 2008 IEEE/RSJ Int. Conf. on Intelligent Robots and Systems},
  year = {2008},
  pages = {191-198},
  owner = {Yoshida},
  timestamp = {2013.06.19}
}

@INPROCEEDINGS{Do08humanoids,
  author = {Martin Do and Pedram Azad and Tamim Asfour and Rüdiger Dillmann},
  title = {Imitation of Human Motion on a Humanoid Robot using Non-Linear Optimization},
  booktitle = {Proc. 2008 IEEE-RAS Int. Conf. on Humanoid Robots},
  year = {2008},
  pages = {545-552},
  owner = {Yoshida},
  timestamp = {2013.06.19}
}

@ARTICLE{Hauser08IJRR,
  author = {Kris Hauser and Timothy Bretl and Jean-Claude Latombe and Kensuke
	Harada and and Brian Wilcox},
  title = {Motion Planning for Legged Robots on Varied Terrain},
  journal = {International Journal of Robotics Research},
  year = {2008},
  volume = {27},
  number = {11-12},
  pages = {1325-1349},
  owner = {Yoshida},
  timestamp = {2010.10.15}
}

@INPROCEEDINGS{Koyanagi08IROS,
  author = {Kenichi Koyanagi and Hirohisa Hirukawa and Shizuko Hattori and Mitsuharu
	Morisawa and Shin'ichiro Nakaoka and Kensuke Harada and Shuuji Kajita},
  title = {A Pattern Generator of Humanoid Robots Walking on a Rough Terrain
	using a Handrail},
  booktitle = {Proc. 2008 IEEE/RSJ Int. Conf. on Intelligent Robots and Systems},
  year = {2008},
  pages = {2617-2622},
  owner = {Yoshida},
  timestamp = {2012.12.24}
}

@INPROCEEDINGS{Kuffner08RSS,
  author = {Diankov, R. and Ratliff, N. and Ferguson, D. and Srinivasa, S. and
	Kuffner, J.},
  title = {Bispace planning: Concurrent multi-space exploration},
  booktitle = {Proceedings of Robotics: Science and Systems IV (2008)},
  year = {2008},
  owner = {Yoshida},
  timestamp = {2010.08.06}
}

@INPROCEEDINGS{Kulic08Humanoids,
  author = {Dana Kulic and Dongheui Lee and Christian Ott and Yoshihiko Nakamura},
  title = {Incremental Learning of Full Body Motion Primitives for Humanoid
	Robots},
  booktitle = {Proc. 2006 IEEE-RAS Int. Conf. on Humanoid Robots},
  year = {2008},
  pages = {326-332},
  owner = {Yoshida},
  timestamp = {2012.12.26}
}

@INPROCEEDINGS{Nakhaei08,
  author = {A. Nakhaei and F. Lamiraux},
  title = {Motion Planning for Humanoid Robots in Environments Modeled by Vision
	},
  booktitle = {Proc. 8th IEEE-RAS Int. Conf. on Humanoid Robots},
  year = {2008},
  pages = {197--204}
}

@INPROCEEDINGS{Okada08IROS,
  author = {Okada, K. and Kojima, M. and Tokutsu, S. and Mori, Y. and Maki, T.
	and Inaba, M.},
  title = {Task guided attention control and visual verification in tea serving
	by the daily assistive humanoid {HRP-2JSK}},
  booktitle = {Proc. 2008 IEEE/RSJ Int. Conf. on Intelligent Robots and Systems},
  year = {2008},
  pages = {1551--1557},
  owner = {Yoshida},
  timestamp = {2010.10.15}
}

@INPROCEEDINGS{Ott08humanoids,
  author = {Christian Ott and Dongheui Lee and Yoshihiko Nakamura},
  title = {Motion Capture based Human Motion Recognition and Imitation by Direct
	Marker Control},
  booktitle = {Proc. 2008 IEEE-RAS Int. Conf. on Humanoid Robots},
  year = {2008},
  pages = {399-405},
  owner = {Yoshida},
  timestamp = {2013.06.19}
}

@INPROCEEDINGS{Takanishi08ROBIO,
  author = {Aiman Musa Omer and Hideki Kondo and Hunok Lim and Atsuo Takanishi},
  title = {Development of Walking Support System Based on
	
	Dynamic Simulation},
  booktitle = {Proc. 2008 IEEE Int. Conf. on Robotics and Biomimetics},
  year = {2008},
  pages = {137-142},
  owner = {Yoshida},
  timestamp = {2012.07.12}
}

@INPROCEEDINGS{Arisumi07icra,
  author = {H.~Arisumi and J.-R. Chardonnet and A. Kheddar and K.~Yokoi},
  title = {Dynamic Lifting Motion of Humanoid Robots},
  booktitle = {Proc. of 2007 IEEE Int. Conf. on Robotics and Automation},
  year = {2007},
  pages = {2661 - 2667}
}

@ARTICLE{Hyon07TRO,
  author = {Sang-Ho Hyon and J.G. Hale and Gordon Cheng},
  title = {Full-Body Compliant Human-Humanoid Interaction: Balancing in the
	Presence of Unknown External Forces},
  journal = {IEEE Transactions on Robotics},
  year = {2007},
  volume = {23},
  number = {5},
  pages = {884--898},
  owner = {Yoshida},
  timestamp = {2010.10.15}
}

@INPROCEEDINGS{Mansard07icra,
  author = {N.~Mansard and O.~Stasse and F.~Chaumette and K.~Yokoi},
  title = {Visually-Guided Grasping while Walking on a Humanoid Robot},
  booktitle = {Proc. 2007 IEEE Int. Conf. on Robotics and Automation},
  year = {2007},
  pages = {3042-3047}
}

@INPROCEEDINGS{Morisawa07ICRA,
  author = {Mitsuharu Morisawa and and Kensuke Harada and Shuuji Kajita and Shin-ichiro
	Nakaoka and Kiyoshi Fujiwara and Fumio Kanehiro and Kenji Kaneko
	and Hirohisa Hirukawa},
  title = {Experimentation of Humanoid Walking Allowing Immediate Modification
	of Foot Place Based on Analytical Solution},
  booktitle = {Proc. of 2007 IEEE Int. Conf. on Robotics and Automation},
  year = {2007},
  pages = {3989 - 3994},
  owner = {Yoshida},
  timestamp = {2010.10.15}
}

@ARTICLE{nakaoka_2007,
  author = {Shinichiro Nakaoka and Atsushi Nakazawa and Fumio Kanehiro and Kenji
	Kaneko and Mitsuhari Morisawa and Hirohisa Hirukawa and Katsushi
	Ikeuchi},
  title = {{Learning from Observation Paradigm: Leg Task Models for Enabling
	a Biped Humanoid Robot to Imitate Human Dances}},
  journal = {Int. J. of Robotics Research},
  year = {2007},
  volume = {26},
  pages = {829--844},
  issue = {8},
  owner = {Yoshida},
  timestamp = {2013.06.17}
}

@INPROCEEDINGS{Stilman07Humanoids,
  author = {Mike Stilman and Koichi ishiwaki and Satoshi Kagami},
  title = {Learning Object Models for Whole Body Manipulation},
  booktitle = {Proc. 2007 IEEE-RAS Int. Conf. on Humanoid Robots},
  year = {2007},
  pages = {174-179},
  owner = {Yoshida},
  timestamp = {2012.12.23}
}

@INPROCEEDINGS{Sugiura2007IROS,
  author = {Hisashi Sugiura and Michael Gienger and Herbert Janssen and Christian
	Goerick},
  title = {Real-Time Collision Avoidance with Whole Body Motion Control for
	Humanoid Robots},
  booktitle = {Proc. 2004 IEEE/RSJ Int. Conf. on Intelligent Robots and Systems},
  year = {2007},
  pages = {2053-2058},
  owner = {Yoshida},
  timestamp = {2012.12.23}
}

@INPROCEEDINGS{Toussant07Humanoids,
  author = {Marc Toussaint and Michael Gienger and Christian Goerick},
  title = {Optimization of sequential attractor-based movement for compact behaviour
	generation},
  booktitle = {Proc. 2007 IEEE-RAS Int. Conf. on Humanoid Robots},
  year = {2007},
  pages = {122-129},
  owner = {Yoshida},
  timestamp = {2012.12.26}
}

@INPROCEEDINGS{Zacharias07IROS,
  author = {Franziska Zacharias and Christoph Borst and Gerd Hirzinger},
  title = {Capturing Robot Workspace Structure: Representing Robot Capabilities},
  booktitle = {Proc. 2007 IEEE/RSJ Int. Conf. on Intelligent Robots and Systems},
  year = {2007},
  pages = {3229-3236},
  owner = {Yoshida},
  timestamp = {2012.12.24}
}

@INPROCEEDINGS{Betram06ICRA,
  author = {Bertram, D. and Kuffner, J. and Dillmann, R. and Asfour, T.},
  title = {An integrated approach to inverse kinematics and path planning for
	redundant manipulators},
  booktitle = {Proc. of 2006 IEEE Int. Conf. on Robotics and Automation},
  year = {2006},
  pages = {1874--1879},
  owner = {Yoshida},
  timestamp = {2010.10.15}
}

@INPROCEEDINGS{Hirukawa06ICRA,
  author = {Hirohisa Hirukawa and Shizuko Hattori and Kensuke Harada and Shuuji
	Kajita and Kenji Kaneko and Fumio Kanehiro and Kiyoshi Fujiwara and
	Mitsuharu Morisawa},
  title = {A Universal Stability Criterion of the Foot Contact of Legged Robots
	- Adios ZMP},
  booktitle = {Proc. of 2005 IEEE Int. Conf. on Robotics and Automation},
  year = {2006},
  pages = {1976-1983},
  owner = {Yoshida},
  timestamp = {2012.12.24}
}

@INPROCEEDINGS{Neo06Humanoids,
  author = {E.S. Neo and T. Sakaguchi and K. Yokoi and Y. Kawai and K. Maruyama},
  title = {A Behavior Level Operation System for Humanoid Robots},
  booktitle = {Proc. 2006 IEEE-RAS Int. Conf. on Humanoid Robots},
  year = {2006},
  pages = {327-332}
}

@INPROCEEDINGS{Okada06Humanoids,
  author = { K. Okada and M. Kojima and Y. Sagawa and T. Ichino and K. Sato and
	M. Inaba},
  title = {Vision based behavior verification system of humanoid robot for daily
	environment tasks},
  booktitle = {Proc. 2006 IEEE-RAS Int. Conf. on Humanoid Robots},
  year = {2006},
  pages = {7-12}
}

@INPROCEEDINGS{Park06ICRA,
  author = {Jaeheung Park and Oussama Khatib},
  title = {Contact Consistent Control Framework for Humanoid Robots},
  booktitle = {Proc. of 2006 IEEE Int. Conf. on Robotics and Automation},
  year = {2006},
  pages = {1963-1969},
  owner = {Yoshida},
  timestamp = {2012.12.25}
}

@INPROCEEDINGS{Stilman06iros,
  author = {M. Stilman and K. Nishiwaki and S. Kagami and J. Kuffner},
  title = {Planning and executing navigation among movable obstacles},
  booktitle = {Proc. 2003 IEEE/RSJ Int. Conf. on Intelligent Robots and Systems},
  year = {2006},
  pages = {820 -- 826}
}

@INPROCEEDINGS{Takanishi06ICRA,
  author = {Yu Ogura and Hiroyuki Aikawa and Kazushi Shimomura and Hideki Kondo
	and Akitoshi Morishima and Hun-ok Lim and Atsuo Takanishi},
  title = {Development of a New Humanoid Robot {WABIAN}-2},
  booktitle = {Proc. of 2006 IEEE Int. Conf. on Robotics and Automation},
  year = {2006},
  pages = {76-81},
  owner = {Yoshida},
  timestamp = {2012.07.12}
}

@INPROCEEDINGS{Gienger05Humanoids,
  author = {Michael Gienger, Herbert Janßen and Christian Goerick},
  title = {Task-Oriented Whole Body Motion for Humanoid Robots},
  booktitle = {Proc. 2005 IEEE-RAS Int. Conf. on Humanoid Robots},
  year = {2005},
  pages = {238-244},
  owner = {Yoshida},
  timestamp = {2012.12.26}
}

@INPROCEEDINGS{Harada05ICRA,
  author = {H. Harada and S. Kajita and H. Saito and M. Morisawa and F. Kanehiro
	and K. Fujiwara and K. Kaneko and H. Hirukawa},
  title = {A Humanoid robot carrying a heavy object},
  booktitle = {Proc. 2005 IEEE Int. Conf. on Robotics and Automation},
  year = {2005},
  pages = {1712--1717}
}

@INPROCEEDINGS{Okada05ICMA,
  author = {Kei Okada and Takashi Ogura and Atsushi Haneda and Junya Fujimoto
	and Fabien Gravot and Masayuki Inaba},
  title = {Humanoid Motion Generation System on HRP2-JSK for Daily Life Environment},
  booktitle = {Proc. of 2007 IEEE Int. Conf. on Mechatronics and Automation},
  year = {2005},
  pages = {1772-1777},
  owner = {Yoshida},
  timestamp = {2012.12.25}
}

@ARTICLE{Sentis05IJHR,
  author = {L. Sentis and O. Khatib},
  title = {Synthesis of whole-body behaviors through hierarchical control of
	behavioral primitives},
  journal = {Int. J. of Humanoid Robotics},
  year = {2005},
  volume = {2},
  number = {4},
  pages = {505--518}
}

@INPROCEEDINGS{Harada04Humanoids,
  author = {Kensuke Harada and Shuuji Kajita, Kenji Kaneko and Hirukawa, H.},
  title = {An analytical method on real-time gait planning for a humanoid robot},
  booktitle = {Proc. 2004 IEEE-RAS Int. Conf. on Humanoid Robots},
  year = {2004},
  pages = {640--655},
  owner = {Yoshida},
  timestamp = {2010.10.15}
}

@INPROCEEDINGS{Harada04icra,
  author = {H.~Harada and S.~Kajita and F.~Kanehiro and K.~Fujiwara and K.~Kaneko
	and K.~Yokoi and H.~Hirukawa},
  title = {Real-Time Planning of Humanoid Robot's Gait for Force Controlled
	Manipulation},
  booktitle = {Proc. 2004 IEEE Int. Conf. on Robotics and Automation},
  year = {2004},
  pages = {616--622}
}

@ARTICLE{Kanehiro04,
  author = {F. Kanehiro and H. Hirukawa and S. Kajita},
  title = {Open{HRP}: Open Architecture Humanoid Robotics Platform},
  journal = {Int. J. of Robotics Research},
  year = {2004},
  volume = {23},
  number = {2},
  pages = {155--165}
}

@INPROCEEDINGS{Kaneko04,
  author = {K. Kaneko and F. Kanehiro and S. Kajita and H. Hirukawa and T. Kawasaki
	and M. Hirata, K. Akachi and T. Isozumi},
  title = {The Humanoid Robot {HRP}-2},
  booktitle = {Proc. 2004 IEEE Int. Conf. on Robotics and Automation},
  year = {2004},
  pages = {1083-1090}
}

@INPROCEEDINGS{Kuffner04movable,
  author = {M. Stilman and J. Kuffner},
  title = {Navigation among movable obstacles: Real-time reasoning in complex
	environments},
  booktitle = {Proc. 2004 IEEE-RAS Int. Conf. on Humanoid Robotics},
  year = {2004},
  pages = {322 -- 341}
}

@INPROCEEDINGS{Kuffner04step,
  author = {J. Chestnutt and J. Kuffner},
  title = {A Tiered Planning Strategy for Biped Navigation},
  booktitle = {Proc. 2004 IEEE-RAS Int. Conf. on Humanoid Robotics},
  year = {2004},
  pages = {422 -- 436}
}

@INPROCEEDINGS{nakaoka_icra2004,
  author = {Shinichiro Nakaoka and Atsushi Nakazawa and Kazuhito Yokoi and Katsushi
	Ikeuchi},
  title = {{Leg Motion Primitives for a Dancing Humanoid Robot}},
  booktitle = {Proc. IEEE Int. Conf. on Robotics and Automation},
  year = {2004},
  pages = {610--615},
  owner = {Yoshida},
  timestamp = {2013.06.17}
}

@INPROCEEDINGS{Neo04,
  author = {Neo. E. Sian and K. Yokoi and S. Kajita and K. Tanie},
  title = {A Framework for Remote Execution of Whole Body Motions for Humanoid
	Robots},
  booktitle = {Proc. 2004 IEEE/RAS Int. Conf. on Humanoid Robots},
  year = {2004},
  pages = {608--626}
}

@INPROCEEDINGS{Okada04icra,
  author = {K. Okada and T. Ogura and A. Haneda and D. Kousaka and H. Nakai and
	M. Inaba and H. Inoue},
  title = {Integrated System Software for {HRP} Humanoid},
  booktitle = {Proc. 2004 IEEE Int. Conf. on Robotics and Automation},
  year = {2004},
  pages = {3207--3212}
}

@INPROCEEDINGS{Okada04iros,
  author = {K. Okada and A. Haneda and H. Nakai and M. Inaba and H. Inoue},
  title = {Environment Manipulatio Planner for Humaonid Robots Using Task Graph
	That Generates Action Sequence},
  booktitle = {Proc. 2004 IEEE/RSJ Int. Conf. on Intelligent Robots and Systems},
  year = {2004},
  pages = {1174-1179}
}

@INPROCEEDINGS{Takubo04iros,
  author = {T.~Takubo and K.~Inoue and K.~Sakata and Y.~Mae and T.~Arai},
  title = {Mobile Manipulation of Humanoid Robots -- Control Method for CoM
	Position with External Force --},
  booktitle = {Proc. 2004 IEEE/RSJ Int. Conf. on Intelligent Robots and Systems},
  year = {2004},
  pages = {1180--1185}
}

@ARTICLE{Vukobratovic04,
  author = {M. Vukobratovi\'{c} and B. Borovac},
  title = {Zero-Moment Point - Thirty-five Years of its Life},
  journal = {Int. J. Humanoid Robotics},
  year = {2004},
  volume = {1},
  number = {1},
  pages = {157-174}
}

@INPROCEEDINGS{Hwang03,
  author = {Y.~Hwang and A.~Konno and M.~Uchiyama},
  title = {Whole body cooperative tasks and static stability evaluations for
	a humanoid robot},
  booktitle = {Proc. 2003 IEEE/RSJ Int. Conf. on Intelligent Robots and Systems},
  year = {2003},
  pages = {1901-1906}
}

@INPROCEEDINGS{Hwang03iros,
  author = {Y.~Hwang and A.~Konno and M.~Uchiyama},
  title = {Whole body cooperative tasks and static stability evaluations for
	a humanoid robot},
  booktitle = {Proc. 2003 IEEE/RSJ Int. Conf. on Intelligent Robots and Systems},
  year = {2003},
  pages = {1901--1906}
}

@INPROCEEDINGS{Kajita03icra,
  author = {S. Kajita and F. Kanehiro and K. Kaneko and K. Fujiwara and K. Harada
	and K. Yokoi and H. Hirukawa},
  title = {Biped Walking Pattern Generation by using Preview Control of Zero-Moment
	Point},
  booktitle = {Proc. 2003 IEEE Int. Conf. on Robotics and Automation},
  year = {2003},
  pages = {1620-1626}
}

@INPROCEEDINGS{Kajita03iros,
  author = {S.~Kajita and F.~Kanehiro and K.~Kaneko and K.~Fujiwara and K.~Harada
	and K.~Yokoi and H.~Hirukawa},
  title = {Resolved momentum control: Humanoid motion planning based on the
	linear and angular momentum},
  booktitle = {Proc. 2003 IEEE/RSJ Int. Conf. on Intelligent Robots and Systems},
  year = {2003},
  pages = {1644-1650}
}

@INPROCEEDINGS{Kuffner03ICRA,
  author = {Kuffner, J. and Kagami, S. and Nishiwaki, K. and Inaba, M. and Inoue,
	H.},
  title = {Online footstep planning for humanoid robots},
  booktitle = {Proc. IEEE Int. Conf. on Robotics and Automation},
  year = {2003},
  pages = {932-937},
  owner = {Yoshida},
  timestamp = {2010.08.06}
}

@ARTICLE{yamane_2003_1,
  author = {Katsu Yamane and Yoshihiko Nakamura},
  title = {Natural Motion Animation through Constraining and Deconstraining
	at Will},
  journal = {IEEE Trans. on Visualization and Computer Graphics},
  year = {2003},
  volume = {9},
  pages = {352--360},
  issue = {3},
  owner = {Yoshida},
  timestamp = {2013.06.17}
}

@ARTICLE{yamane_2003_2,
  author = {Katsu Yamane and Yoshihiko Nakamura},
  title = {Dynamics Filter-Concept and Implementation of On-line Motion Generator
	for Human Figures},
  journal = {IEEE Trans. on Robotics and Automation},
  year = {2003},
  volume = {19},
  pages = {421--432},
  issue = {3},
  owner = {Yoshida},
  timestamp = {2013.06.17}
}

@INPROCEEDINGS{Yokoi03iros,
  author = {Kazuhito Yokoi and Katsumi Nakashima and Masami Kobayashi and Humisato
	Mihune and Hitoshi Hasunuma and Yoshitaka Yanagihara and Takao Ueno
	and Takuya Gokyuu and Ken Endou},
  title = {A Tele-operated Humanoid Robot Drives a Backhoe},
  booktitle = {Proc. 2003 IEEE/RSJ Int. Conf. on Intelligent Robots and Systems},
  year = {2003},
  pages = {1117-1122},
  owner = {Yoshida},
  timestamp = {2013.06.19}
}

@ARTICLE{Kuffner02,
  author = {J. Kuffner and S. Kagami and K. Nishiwaki and M. Inaba and H. Inoue},
  title = {Dynamically-stable motion planning for humanoid robots},
  journal = {Autonomous Robots},
  year = {2002},
  volume = {12},
  number = {1},
  pages = {105-118}
}

@INPROCEEDINGS{Pollard02ICRA,
  author = {Nancy Pollard and Jessica Hodgins, Marcia Riley and Christopher Atkeson},
  title = {Adapting Human Motion for the Control of a Humanoid Robot},
  booktitle = {Proc. of 2002 IEEE Int. Conf. on Robotics and Automation},
  year = {2002},
  pages = {1390-1397},
  owner = {Yoshida},
  timestamp = {2013.06.17}
}

@INPROCEEDINGS{Sugihara02ICRA,
  author = {T. Sugihara and Y. Nakamura and H. Inoue},
  title = {Realtime Humanoid Motion Generation through ZMP Manipulation based
	on Inverted Pendulum Control},
  booktitle = {Proc. 2002 IEEE Int. Conf. on Robotics and Automation},
  year = {2002},
  pages = {1404-1409}
}

@INPROCEEDINGS{Sugihara02IROS,
  author = {Tomomichi Sugihara and Yoshihiko Nakamura},
  title = {Whole-body Cooperative Balancing of Humanoid Robot using COG Jacobian},
  booktitle = {Proc. 2002 IEEE/RSJ Int. Conf. on Intelligent Robots and Systems},
  year = {2002},
  pages = {2575-2580},
  owner = {Yoshida},
  timestamp = {2012.12.26}
}

@INPROCEEDINGS{Inoue2001AIM,
  author = {H. Yoshida and K. Inoue and T. Arai and and Y. Mae},
  title = {Mobile manipulation of humanoid robots - a method of adjusting leg
	motion for improvement of arm's manipulability},
  booktitle = {Proc. 2001 IEEE/ASME Int. Conf. on Advanced Intelligent Mechatronics},
  year = {2001},
  pages = {266-271}
}

@comment{jabref-meta: selector_publisher:Springer;}

@comment{jabref-meta: selector_year:2010;}

@comment{jabref-meta: selector_author:Fumio Kanehiro;Hirohisa Hirukawa
;Kanako Miura;Kazuhito Yokoi;Kenji Kaneko;Kensuke Harada;Kiyoshi Fujiw
ara;Mitsuharu Morisawa;Shin-ichiro Nakaoka;Shuuji Kajita;}

@comment{jabref-meta: selector_journal:}

@comment{jabref-meta: selector_keywords:}

@comment{jabref-meta: selector_editor:Kensuke Harada and Eiichi Yoshid
a and Kazuhito Yokoi;}

@comment{jabref-meta: selector_booktitle:Motion Planning for Humanoid 
Robots;Proc. 2004 IEEE/RSJ Int. Conf. on Intelligent Robots and System
s;Proc. 2006 IEEE-RAS Int. Conf. on Humanoid Robots;Proc. IEEE/ASME In
t. Conf. on Advanced Intelligent Mechatronics;Proc. of 2007 IEEE Int. 
Conf. on Robotics and Automation;}

